<?xml version="1.0" encoding="UTF-8"?><collection><record><leader>05424ntm a2200589 a 4500</leader><controlfield tag="001">006793455</controlfield><controlfield tag="003">MiAaHDL</controlfield><controlfield tag="005">20190719000000.0</controlfield><controlfield tag="006">m        d        </controlfield><controlfield tag="007">cr bn ---auaua</controlfield><controlfield tag="008">090520s16uu    xx            00| ||ara d</controlfield><datafield tag="035" ind1=" " ind2=" "><subfield code="a">(MiU)006793455</subfield></datafield><datafield tag="035" ind1=" " ind2=" "><subfield code="a">sdr-miu006793455</subfield></datafield><datafield tag="040" ind1=" " ind2=" "><subfield code="a">MiU</subfield><subfield code="c">MiU</subfield><subfield code="e">amremm</subfield></datafield><datafield tag="043" ind1=" " ind2=" "><subfield code="a">n-us-mi</subfield></datafield><datafield tag="100" ind1="1" ind2=" "><subfield code="6">880-01</subfield><subfield code="a">Shanawānī, Abū Bakr ibn Ismāʻīl,</subfield><subfield code="d">1551 or 1552-1610 or 1611.</subfield></datafield><datafield tag="245" ind1="1" ind2="3"><subfield code="6">880-03</subfield><subfield code="a">al-Quṭūf al-dawānī bi-sharḥ Basmalat al-Laqānī,</subfield><subfield code="f">[17th century?].</subfield></datafield><datafield tag="246" ind1="3" ind2=" "><subfield code="6">880-04</subfield><subfield code="i">Title in GAL:</subfield><subfield code="a">Sharḥ Risālat al-basmalah</subfield></datafield><datafield tag="246" ind1="3" ind2=" "><subfield code="i">Edge title (tail):</subfield><subfield code="a">القطوف الدواني</subfield></datafield><datafield tag="260" ind1=" " ind2=" "><subfield code="c">[16--?].</subfield></datafield><datafield tag="300" ind1=" " ind2=" "><subfield code="a">172 leaves :</subfield><subfield code="b">paper ;</subfield><subfield code="c">208 x 155 (145 x 101) mm.</subfield></datafield><datafield tag="500" ind1=" " ind2=" "><subfield code="a">Shelfmark: Ann Arbor, University of Michigan, Special Collections Library, Isl. Ms. 537</subfield></datafield><datafield tag="500" ind1=" " ind2=" "><subfield code="a">Origin: Lacks dated colophon ; paper, etc. suggests 17th century.</subfield></datafield><datafield tag="500" ind1=" " ind2=" "><subfield code="a">Accompanying materials: a. Blank sheet of grid paper -- b. Inventory cataloguing slip in hand of Winifred Smeaton Thomas -- c. Acquisitions slip from Yahuda. -- d. Scrap of blue laid paper with "Not missing" in pencil (at lacuna between pp.34-35), possibly supplied by Yahuda.</subfield></datafield><datafield tag="500" ind1=" " ind2=" "><subfield code="a">Former shelfmark: From interior of upper cover and fore edge flap label "IL 280a" (likely supplied by Yahuda, see acquisitions slip).</subfield></datafield><datafield tag="500" ind1=" " ind2=" "><subfield code="a">Binding: Pasteboards covered in yellow-tinted laid paper with tan leather over spine and fore edge flap ; Type II binding (with flap) ; board linings in untinted laid paper ; sewn in cream thread, four stations, sewing gone from many quires ; endbands gone (traces of primaries) ; overall in poor condition with significant staining, moisture damage, abrasion, lifting and losses of paper and leather, delamination of boards, etc. ; cover fully detached from textblock.</subfield></datafield><datafield tag="500" ind1=" " ind2=" "><subfield code="a">Support: European laid paper with 8-9 laid lines per cm. (vertical), chain lines spaced 26-28 mm. apart (horizontal), anchor in circle with trefoil above watermark (50 mm. tall, see pp.10-11, etc.), and "A C" under trefoil countermark (see p.13) ; sturdy, fairly thick, light cream in color, well-burnished to glossy.</subfield></datafield><datafield tag="500" ind1=" " ind2=" "><subfield code="a">Decoration: Keywords and abbreviation symbols rubrciated ; textual dividers in the form of red inverted commas, hāʼ, etc.</subfield></datafield><datafield tag="500" ind1=" " ind2=" "><subfield code="a">Script: Naskh ; angular Egyptian or 'Syrian' [?] hand ; virtually serifless (though head-serifs irregularly appear) with extension of horizontal strokes, pointing in distinct dots (apart from three dots, often instead represented by a curved stroke), and free assimilation of letters.</subfield></datafield><datafield tag="500" ind1=" " ind2=" "><subfield code="a">Layout: Written in 23 lines per page ; frame-ruled.</subfield></datafield><datafield tag="500" ind1=" " ind2=" "><subfield code="a">Collation: 16 V(160), VI (172) ; almost exclusively quinions ; pp.34-35 left blank (full lacuna, but apparently without missing text) ; final two leaves left blank ; catchwords present ; pagination in pencil, Western numerals, supplied during digitization.</subfield></datafield><datafield tag="500" ind1=" " ind2=" "><subfield code="a">Explicit: "وخرج بالمتعلق بكيفية عمل المتعلق بغيرها كالمتعلق بذاته تعالى وصفاته وذوات المكلفين والجمادات لمدلول الله لا اله الا هو خالق كل شيء ولقد خلقناكم ويوم نسير الجبال تم تم تم"</subfield></datafield><datafield tag="500" ind1=" " ind2=" "><subfield code="a">Incipit: "نحمدك اللهم على نعم لو ارام [لو رام] اللسان حصرها لوقع في حصر وعي ... وبعد فيقول المنكسر ... ابو بكر بن اسماعيل الشنواني ..."</subfield></datafield><datafield tag="500" ind1=" " ind2=" "><subfield code="a">Title from 'title page' (p.1).</subfield></datafield><datafield tag="500" ind1=" " ind2=" "><subfield code="a">Ms. codex.</subfield></datafield><datafield tag="510" ind1="4" ind2=" "><subfield code="a">Ziriklī, Khayr al-Dīn. al-Aʻlām, v.4, p.6 (1980 Beirut ed.)</subfield></datafield><datafield tag="510" ind1="4" ind2=" "><subfield code="a">Brocklemann, C. GAL,</subfield><subfield code="c">S II 495 ; S II 394</subfield></datafield><datafield tag="520" ind1="8" ind2=" "><subfield code="a">Careful copy of a commentary by Abū Bakr ibn Ismāʻīl al-Shanawānī (d.1610 or 11) upon a treatise on the basmalah by Nāṣir al-Dīn al-Laqānī (d.1550).</subfield></datafield><datafield tag="538" ind1=" " ind2=" "><subfield code="a">Mode of access: Internet.</subfield></datafield><datafield tag="541" ind1=" " ind2=" "><subfield code="a">Acquired in 1926 from the bookseller Isaac Benjamin S.E. Yahuda via purchase transacted on his behalf by Abraham Shalom Yahuda (1877-1951), his younger brother.</subfield></datafield><datafield tag="546" ind1=" " ind2=" "><subfield code="a">Arabic.</subfield></datafield><datafield tag="561" ind1=" " ind2=" "><subfield code="a">Ownership statement dated 1282 [1865 or 6] on 'title page' (p.1) in name of ʻAbd al-Salām al-Shaṭṭī al-Ḥanbalī (d.1295/1878, see al-Ziriklī, v.4 p.6) reads "الحمد لله تعالى في ملك افقر الوري الى الكريم المعطي الحنبلي القادري عبد السلام الشطي" ; marginal corrections ; occasional notabilia (side-heads), possibly in hand of ʻAbd al-Salām al-Shaṭṭī al-Ḥanbalī (see p.40, etc.).</subfield></datafield><datafield tag="600" ind1="1" ind2="0"><subfield code="a">Laqānī, Muḥammad ibn Ḥasan,</subfield><subfield code="d">1468 or 9-1550.</subfield><subfield code="t">Risālat al-basmalah.</subfield></datafield><datafield tag="650" ind1=" " ind2="0"><subfield code="a">Manuscripts, Arabic</subfield><subfield code="z">Michigan</subfield><subfield code="z">Ann Arbor.</subfield></datafield><datafield tag="650" ind1=" " ind2="0"><subfield code="a">God (Islam)</subfield><subfield code="x">Name</subfield><subfield code="v">Early works to 1800.</subfield></datafield><datafield tag="650" ind1=" " ind2="0"><subfield code="a">Basmalah</subfield><subfield code="v">Early works to 1800.</subfield></datafield><datafield tag="700" ind1="1" ind2=" "><subfield code="6">880-05</subfield><subfield code="a">Shaṭṭī, ʻAbd al-Salām,</subfield><subfield code="e">former owner.</subfield></datafield><datafield tag="773" ind1="0" ind2=" "><subfield code="a">Yahuda Collection.</subfield></datafield><datafield tag="880" ind1="0" ind2=" "><subfield code="6">700-05/</subfield><subfield code="a">عبد السلام الشطي,</subfield><subfield code="e">مالك سابق.</subfield></datafield><datafield tag="880" ind1="3" ind2=" "><subfield code="6">246-04/</subfield><subfield code="a">شرح رسالة البسملة</subfield></datafield><datafield tag="880" ind1="1" ind2="2"><subfield code="6">245-03/</subfield><subfield code="a">القطوف الدواني بشرح بسملة اللقاني,</subfield><subfield code="f">[القرن 17م؟].</subfield></datafield><datafield tag="880" ind1="1" ind2=" "><subfield code="6">100-01/</subfield><subfield code="a">شنواني، ابو بكر بن اسماعيل.</subfield></datafield><datafield tag="CID" ind1=" " ind2=" "><subfield code="a">006793455</subfield></datafield><datafield tag="DAT" ind1="0" ind2=" "><subfield code="a">20190719102635.0</subfield><subfield code="b">20190719000000.0</subfield></datafield><datafield tag="DAT" ind1="1" ind2=" "><subfield code="a">20190719090653.0</subfield><subfield code="b">2019-07-19T16:11:27Z</subfield></datafield><datafield tag="DAT" ind1="2" ind2=" "><subfield code="a">2015-10-02T18:00:03Z</subfield></datafield><datafield tag="CAT" ind1=" " ind2=" "><subfield code="a">SDR-MIU</subfield><subfield code="d">EX LIBRIS - ALEPH</subfield><subfield code="l">prepare.pl-004-008</subfield></datafield><datafield tag="FMT" ind1=" " ind2=" "><subfield code="a">BK</subfield></datafield><datafield tag="HOL" ind1=" " ind2=" "><subfield code="0">sdr-miu006793455</subfield><subfield code="a">MiU</subfield><subfield code="b">SDR</subfield><subfield code="c">MIU</subfield><subfield code="p">mdp.39015079126366</subfield><subfield code="s">MIU</subfield><subfield code="1">006793455</subfield></datafield><datafield tag="974" ind1=" " ind2=" "><subfield code="b">MIU</subfield><subfield code="c">MIU</subfield><subfield code="d">20190719</subfield><subfield code="s">lit-dlps-dc</subfield><subfield code="u">mdp.39015079126366</subfield><subfield code="y">1699</subfield><subfield code="r">pd</subfield><subfield code="q">bib</subfield><subfield code="t">non-US bib date1 &lt; 1879</subfield></datafield></record></collection>